
<record>
  <controlfield tag="001">1741643</controlfield>
  <datafield tag="024" ind1="7" ind2=" ">
    <subfield code="a">10.1016/j.nima.2018.10.048</subfield>
    <subfield code="2">DOI</subfield>
    <subfield code="9">Elsevier</subfield>
  </datafield>
  <datafield tag="035" ind1=" " ind2=" ">
    <subfield code="a">Abudinen:2019rkl</subfield>
    <subfield code="9">INSPIRETeX</subfield>
  </datafield>
  <datafield tag="035" ind1=" " ind2=" ">
    <subfield code="9">DESY</subfield>
    <subfield code="z">DA19-kp27ar</subfield>
  </datafield>
  <datafield tag="245" ind1=" " ind2=" ">
    <subfield code="a">DEPFET pixel detector in the Belle II experiment</subfield>
    <subfield code="9">Elsevier</subfield>
  </datafield>
  <datafield tag="710" ind1=" " ind2=" ">
    <subfield code="g">Belle-II DEPFET, PXD</subfield>
  </datafield>
</record>